@misc{goog2015,
  title = {{Google} , {A}ndroid {M}otion {S}ensor {API}},
  howpublished = {http://developer.android.com/guide/topics/sensors/sensors\_motion.html},
  note = {Accessed: 03-02-2015},
annote={The Android Motion Sensor Developer API, controls for various motion sensors including gyroscope within the phone. Likely to be of help with tracking movement and possibly measuring slopes with the phone itself. Integral Research to be completed here.}
}

@inproceedings{chang2013,
    author = {Chang, Ing-Chau and Tai, Hung-Ta and Hsieh, Dung-Lin and Yeh, Feng-Han and Chang, Siao-Hui},
    booktitle = {Biometrics and Security Technologies (ISBAST), 2013 International Symposium on},
    citeulike-article-id = {13509558},
    citeulike-linkout-0 = {http://dx.doi.org/10.1109/isbast.2013.17},
    citeulike-linkout-1 = {http://ieeexplore.ieee.org/xpls/abs\_all.jsp?arnumber=6597672},
    doi = {10.1109/isbast.2013.17},
    institution = {Dept. of Comput. Sci. \& Inf. Eng., Nat. Changhua Univ. of Educ., Changhua, Taiwan},
    isbn = {978-0-7695-5010-7},
    keywords = {android, planning, route},
    month = jul,
    pages = {85--92},
    posted-at = {2015-02-05 18:35:58},
    priority = {2},
    publisher = {IEEE},
    title = {{Design and Implementation of the Travelling Time- and Energy-Efficient Android GPS Navigation App with the VANET-Based A* Route Planning Algorithm}},
    url = {http://dx.doi.org/10.1109/isbast.2013.17},
    year = {2013},
annote={Paper on the use of a modified A* algorithm for route planning on an android device. In this case its use is more complicated than the uses this proposed project would need but could still contain relevant information.}
}

@inproceedings{shyi,
    author = {Shyi-Shiou, Wu and Hsin-Yi, Wu},
    booktitle = {Innovations in Bio-inspired Computing and Applications (IBICA), 2011 Second International Conference on},
    citeulike-article-id = {13509581},
    citeulike-linkout-0 = {http://dx.doi.org/10.1109/ibica.2011.83},
    citeulike-linkout-1 = {http://ieeexplore.ieee.org/xpls/abs\_all.jsp?arnumber=6118783},
    doi = {10.1109/ibica.2011.83},
    institution = {Dept. of Electron. Eng., Nanki Univ. of Technol., Nantou, Taiwan},
    isbn = {978-1-4577-1219-7},
    keywords = {android, movement, track},
    month = dec,
    pages = {313--315},
    posted-at = {2015-02-05 19:46:32},
    priority = {2},
    publisher = {IEEE},
    title = {{The Design of an Intelligent Pedometer Using Android}},
    url = {http://dx.doi.org/10.1109/ibica.2011.83},
    year = {2011},
annote={System built that could help track distance without the need for GPS signal in area, good background reading on possible avenues. }
}

@article{shala2011,
  title={Indoor positioning using sensor-fusion in android devices},
  author={Shala, Ubejd and Rodriguez, Angel},
  year={2011},
institution={School of Health and Society},
url = {http://www.diva-portal.org/smash/get/diva2:475619/FULLTEXT02.pdf},
annote={Positioning within buildings work, thesis that could be helpful. Gives good background reading on possible sensors to be used and why.}
}


