%% This BibTeX bibliography file was created using BibDesk.
%% http://bibdesk.sourceforge.net/


%% Created for Neil Taylor at 2014-04-07 22:34:31 +0100 


%% Saved with string encoding Unicode (UTF-8) 


@string{aij = {Artificial Intelligence}}


@book{NumericalRecipes,
	Annote = {This is my annotation. I can add in comments that are in \textbf{bold} and \em{italics} and then other content.},
	Author = {Press, W.H. and others},
	Pages = {349--361},
	Publisher = {Cambridge University Press Cambridge},
	Title = {{Numerical recipes in C}},
	Year = {1992}}

@inproceedings{MarksPaper,
	Annote = {This paper...},
	Author = {Mark Neal and Jan Feyereisl and Rosario Rascun\`{a} and Xiaolei Wang},
	Booktitle = {Proceedings of the 5th International Conference on Artificial Immune Systems},
	Pages = {349--361},
	Publisher = {Springer},
	Title = {{Don't touch me, I'm fine: Robot autonomy using an artificial innate immune system}},
	Year = {2006}}

@article{HannahsPaper,
	Annote = {This is my annotation. I should add in a description here.},
	Author = {Dee, H. M. and Hogg, D. C.},
	Journal = aij,
	Pages = {329-342},
	Title = {Navigational strategies in behaviour modelling},
	Volume = {173(2)},
	Year = 2009}

@misc{kittenpic_ref,
	Annote = {This is my annotation. I should add in a description here.},
	Author = {Sylvia Duckworth},
	Howpublished = {\url{http://www.geograph.org.uk/photo/640959}},
	Note = {Copyright Sylvia Duckworth and licensed for reuse under a Creative Commons Attribution-Share Alike 2.0 Generic Licence. Accessed August 2011},
	Title = {{A picture of a kitten at Hellifield Peel}},
	Year = 2007}


@url{material,
	Annote = {Homepage for Google's Material Design Outline, discusses the ideology behind how an Android application should look and the reasoning.},
	Author = {{Google}},
	Date-Modified = {2014-04-07 21:32:45 +0000},
	Howpublished = {\url{http://www.google.com/design/spec/material-design/introduction.html}},
	Lastchecked = {28 April 2015},
	Title = {{Google Material Design Guidelines}},
	Year = 2015}

@url{gps,
	Annote = {Official information page about the GPS system and its accuracy. Includes information on accuracy and the difference between civilian and military GPS.},
	Author = {{U.S. Government}},
	Date-Modified = {2014-04-07 21:32:45 +0000},
	Howpublished = {\url{http://www.gps.gov/systems/gps/performance/accuracy/}},
	Lastchecked = {28 April 2015},
	Title = {{GPS Performance Accuracy}},
	Year = 2015}

@url{accuracy,
	Annote = {GPS performance analysis, contains details on how accurate most GPS co ordinates recieved are.},
	Author = {{Federal Aviation Administration}},
	Date-Modified = {2014-04-07 21:32:45 +0000},
	Howpublished = {\url{http://www.nstb.tc.faa.gov/reports/PAN86_0714.pdf#page=22}},
	Lastchecked = {28 April 2015},
	Title = {{FAA GPS Performance Analysis Report}},
	Year = 2015}

@url{api,
	Annote = {Home screen of the Android API. Base of all development, within all details can be found on native methods used. Essential to the project.},
	Author = {{Google}},
	Date-Modified = {2014-04-07 21:32:45 +0000},
	Howpublished = {\url{https://developer.android.com/guide/index.html}},
	Lastchecked = {28 April 2015},
	Title = {{Introduction to Android}},
	Year = 2015}

@url{maps,
	Annote = {Base screen for the Google Maps Android API v2. Contains information relating to map gathering, manipulation and further details. Large amounts of the applicaiton are based on information gathered from here.},
	Author = {{Google}},
	Date-Modified = {2014-04-07 21:32:45 +0000},
	Howpublished = {\url{https://developers.google.com/maps/documentation/android/}},
	Lastchecked = {28 April 2015},
	Title = {{Google Maps Android API v2}},
	Year = 2015}

@url{setlocation,
	Annote = {Information on the setLocationEnabled function provided within the maps API, including details on parameters and function.},
	Author = {{Google}},
	Date-Modified = {2014-04-07 21:32:45 +0000},
	Howpublished ={\url{http://developer.android.com/reference/com/google/android/gms/maps/GoogleMap.html#setMyLocationEnabled(boolean)}},
	Lastchecked = {28 April 2015},
	Title = {{GoogleMap Object Documentation - setLocationEnabled}},
	Year = 2015}

@url{circle,
	Annote = {Overview of the Great Circle distance and some algorithms that return it. Explains the use of the formula due to there being no straight lines on a sphere.},
	Author = {{Wikipedia}},
	Date-Modified = {2014-04-07 21:32:45 +0000},
	Howpublished ={\url{http://en.wikipedia.org/wiki/Great-circle_distance}},
	Lastchecked = {28 April 2015},
	Title = {{Great Circle Distance}},
	Year = 2015}

@url{circlef,
	Annote = {Solution the great circle function implemented in Java. Takes elevation into consideration, something which was unused in this programs implementation.},
	Author = {{Stack Overflow}},
	Date-Modified = {2014-04-07 21:32:45 +0000},
	Howpublished ={\url{http://stackoverflow.com/questions/3694380/calculating-distance-between-two-points-using-latitude-longitude-what-am-i-doi}},
	Lastchecked = {28 April 2015},
	Title = {{Great Circle Distance - Java Solution}},
	Year = 2015}

@url{aa,
	Annote = {The original Access Aber application, still fully working as of reference date. Developed as the initial iteration of the project with this project being considered the second.},
	Author = {{Aberystwyth University}},
	Date-Modified = {2014-04-07 21:32:45 +0000},
	Howpublished ={\url{http://www.dcs.aber.ac.uk/~nst/accessaber/}},
	Lastchecked = {28 April 2015},
	Title = {{Access Aber}},
	Year = 2015}

@url{check,
	Annote = {Solution for checking if external storage is accessible or not, was used as a reference when drawing up plans for future feautes},
	Author = {{Stack Overflow}},
	Date-Modified = {2014-04-07 21:32:45 +0000},
	Howpublished ={\url{http://stackoverflow.com/questions/7616974/how-to-check-internal-and-external-storage-if-exist}},
	Lastchecked = {28 April 2015},
	Title = {{External Storage check code}},
	Year = 2015}

@url{storage,
	Annote = {Details on Internal and External Storage. Description of what they mean and who can access them. A useful resource in solving issues through the development of file saving},
	Author = {{Google}},
	Date-Modified = {2014-04-07 21:32:45 +0000},
	Howpublished ={\url{http://developer.android.com/guide/topics/data/data-storage.html}},
	Lastchecked = {28 April 2015},
	Title = {{Data Storage in Android}},
	Year = 2015}

@url{osm,
	Annote = {Open Street Map is a map service built through contributions, all data is available freely and as such was considered for the map service within the Application},
	Author = {{OpenStreetMap Contributors}},
	Date-Modified = {2014-04-07 21:32:45 +0000},
	Howpublished ={\url{http://www.openstreetmap.org}},
	Lastchecked = {28 April 2015},
	Title = {{OpenStreetMap}},
	Year = 2015}

@url{gm,
	Annote = {Google Maps was used to provide the Map objects within the application. It was a key reason for the success of the project.},
	Author = {{Google}},
	Date-Modified = {2014-04-07 21:32:45 +0000},
	Howpublished ={\url{http://www.google.co.uk/maps}},
	Lastchecked = {28 April 2015},
	Title = {{Google Maps}},
	Year = 2015}

@url{pf,
	Annote = {Site containing various information on pathfinding and representation of road systems as graphs. Not all relevant but some important information was gathered from here.},
	Author = {{Amit Patel}},
	Date-Modified = {2014-04-07 21:32:45 +0000},
	Howpublished ={\url{http://theory.stanford.edu/~amitp/GameProgramming/MapRepresentations.html}},
	Lastchecked = {28 April 2015},
	Title = {{Map Representations}},
	Year = 2015}

@url{mr,
	Annote = {Stack Overflow post with various references to material which describes implementation of graphs as a representation of maps, while the implemented system was simpler it still took some ideas from here.},
	Author = {{Stack Overflow}},
	Date-Modified = {2014-04-07 21:32:45 +0000},
	Howpublished ={\url{http://stackoverflow.com/questions/177343/map-navigation-project-how-is-road-data-generally-stored-represented}},
	Lastchecked = {28 April 2015},
	Title = {{Examples of Map representations}},
	Year = 2015}

@url{bfs,
	Annote = {A descriptive page about BFS and its implementation, describes the process in fairly simple terms before moving onto more detailed discussion},
	Author = {{Khan Academy}},
	Date-Modified = {2014-04-07 21:32:45 +0000},
	Howpublished ={\url{https://www.khanacademy.org/computing/computer-science/algorithms/breadth-first-search/a/breadth-first-search-and-its-uses}},
	Lastchecked = {28 April 2015},
	Title = {{Uses and description of BFS}},
	Year = 2015}

@url{directions,
	Annote = {API page for Googles Directions API, allows for the loading of directions from any one point to another.},
	Author = {{Google}},
	Date-Modified = {2014-04-07 21:32:45 +0000},
	Howpublished ={\url{https://developers.google.com/maps/documentation/directions/}},
	Lastchecked = {28 April 2015},
	Title = {{Google Directions API}},
	Year = 2015}

@url{as,
	Annote = {Home page of Android Studio the IDE used for the majority of development and the official IDE of Android.},
	Author = {{Google}},
	Date-Modified = {2014-04-07 21:32:45 +0000},
	Howpublished ={\url{http://developer.android.com/tools/studio/index.html}},
	Lastchecked = {28 April 2015},
	Title = {{Android Studio}},
	Year = 2015}

@url{adt,
	Annote = {Description of ADT and install instructions. Includes information regarding its deprecation and the full release of Android Studio},
	Author = {{Google}},
	Date-Modified = {2014-04-07 21:32:45 +0000},
	Howpublished ={\url{https://developer.android.com/tools/help/adt.html}},
	Lastchecked = {28 April 2015},
	Title = {{Eclipse ADT}},
	Year = 2015}

@url{gradle,
	Annote = {User instructions for the use of Gradle, a build tool included within Android Studio used for the project.},
	Author = {{Gradle Inc}},
	Date-Modified = {2014-04-07 21:32:45 +0000},
	Howpublished ={\url{https://gradle.org/docs/current/userguide/userguide}},
	Lastchecked = {28 April 2015},
	Title = {{Gradle User Guide}},
	Year = 2015}

@url{poly,
	Annote = {Devloper page for the polyline functionality within the Android API, use repeatedy through development for visualization of routes.},
	Author = {{Google}},
	Date-Modified = {2014-04-07 21:32:45 +0000},
	Howpublished ={\url{https://developer.android.com/reference/com/google/android/gms/maps/model/Polyline.html}},
	Lastchecked = {28 April 2015},
	Title = {{Poly Line information.}},
	Year = 2015}

@url{astar,
	Annote = {Information on the benefits of A* and possible ways to implement.},
	Author = {{Amit Patel}},
	Date-Modified = {2014-04-07 21:32:45 +0000},
	Howpublished ={\url{http://theory.stanford.edu/~amitp/GameProgramming/AStarComparison.html}},
	Lastchecked = {28 April 2015},
	Title = {{A* Information.}},
	Year = 2015}

@url{out,
	Annote = {Used as inspiration for one of the possible colour schemes laid out in the design section.},
	Author = {{Microsoft}},
	Date-Modified = {2014-04-07 21:32:45 +0000},
	Howpublished ={\url{http://www.outlook.com}},
	Lastchecked = {28 April 2015},
	Title = {{Outlook website}},
	Year = 2015}

@url{button,
	Annote = {Used as a base for the custom buttons included within the application, good resource for future development.},
	Author = {{Mind Freaker Stuff}},
	Date-Modified = {2014-04-07 21:32:45 +0000},
	Howpublished ={\url{http://www.mindfreakerstuff.com/2012/09/50-useful-android-custom-button-style-set-1/}},
	Lastchecked = {28 April 2015},
	Title = {{Custom XML for Android buttons.}},
	Year = 2015}

@url{ele,
	Annote = {API for the elevation service provided by Google, not used in full application but could be essential for future development.},
	Author = {{Google}},
	Date-Modified = {2014-04-07 21:32:45 +0000},
	Howpublished ={\url{https://developers.google.com/maps/documentation/elevation/}},
	Lastchecked = {28 April 2015},
	Title = {{Elevation API}},
	Year = 2015}

@url{aui,
	Annote = {A collection of Android UI libraries, some were experimented with during development though none made it into the final version. Could be essential for future work.},
	Author = {{GitHub User : wasabeef}},
	Date-Modified = {2014-04-07 21:32:45 +0000},
	Howpublished ={\url{https://github.com/wasabeef/awesome-android-ui}},
	Lastchecked = {28 April 2015},
	Title = {{Awesome Android UI package}},
	Year = 2015}


